% Encoding: UTF-8
@TECHREPORT {concepts05,
    author      = "Dos Reis, Gabriel and Stroustrup, Bjarne",
    title       = "Specifying C++ concepts",
    institution = "Department of Computer Science Texas A\&M University and AT\&T Labs - Research",
    year        = "2005"
}

@STANDARD {std,
    title        = "Working Draft, Standard for Programming Language C ++",
    organization = "ISO International Standard ISO/IEC",
    author       = "ISO/IEC"
}

@article{Turing1936,
    year = {1936},
    publisher = {Association for Symbolic Logic},
    author = {Alan Turing},
    title = {On Computable Numbers, with an Application to the Entscheidungsproblem},
    volume = {42},
    journal = {Proceedings of the London Mathematical Society},
    doi = {10.2307/2268810},
    number = {1},
    pages = {230--265}
}

@article{TuringComputability,
title = "Turing oracle machines, online computing, and three displacements in computability theory",
journal = "Annals of Pure and Applied Logic",
volume = "160",
number = "3",
pages = "368 - 399",
year = "2009",
note = "Computation and Logic in the Real World: CiE 2007",
issn = "0168-0072",
doi = "https://doi.org/10.1016/j.apal.2009.01.008",
url = "http://www.sciencedirect.com/science/article/pii/S0168007209000128",
author = "Robert I. Soare",
}

@TECHREPORT {concepts,
    author      = "Andrew Sutton",
    title       = "Wording Paper, C++ extensions for Concepts",
    institution = "University of Akron",
    year        = "2017"
}

@ONLINE {mips,
    title = "MIPS architecture overview",
    url   = "https://tams.informatik.uni-hamburg.de/applets/hades/webdemos/mips.html",
    urldate = {2020-06-30}
}

@ONLINE {iohack1,
    author = "Jean Guegant",
    title  = "Meta Crush Saga: a C++17 compile-time game",
    month  = "may",
    year   = "2018",
    url    = "https://jguegant.github.io/blogs/tech/meta-crush-saga.html",
    urldate = {2020-06-30}
}

@ONLINE {iohack2,
    author = "Jens-Wolfhard Schicke-Uffmann",
    title  = "GitHub: Drahflow / compile-time-adventures",
    month  = "jun",
    year   = "2018",
    url    = "https://github.com/Drahflow/compile-time-adventures",
    urldate = {2020-06-30}
}

@Comment{jabref-meta: databaseType:bibtex;}
